@article{bellot2019conditional,
  title={Conditional independence testing using generative adversarial networks},
  author={Bellot, Alexis and van der Schaar, Mihaela},
  journal={Advances in Neural Information Processing Systems},
  volume={32},
  year={2019}
}
@incollection{benesty2009pearson,
	title={Pearson correlation coefficient},
	author={Benesty, Jacob and Chen, Jingdong and Huang, Yiteng and Cohen, Israel},
	booktitle={Noise reduction in speech processing},
	pages={1--4},
	year={2009},
	publisher={Springer}
}
@book{RKHS,
	title={Reproducing kernel Hilbert spaces in probability and statistics},
	author={Berlinet, Alain and Thomas-Agnan, Christine},
	year={2011},
	publisher={Springer Science \& Business Media}
}
@book{casella2021statistical,
	title={Statistical inference},
	author={Casella, George and Berger, Roger L},
	year={2021},
	publisher={Cengage Learning}
}
@inproceedings{coco,
	title={Kernel constrained covariance for dependence measurement},
	author={Gretton, Arthur and Smola, Alexander and Bousquet, Olivier and Herbrich, Ralf and Belitski, Andrei and Augath, Mark and Murayama, Yusuke and Pauls, Jon and Sch{\"o}lkopf, Bernhard and Logothetis, Nikos},
	booktitle={International Workshop on Artificial Intelligence and Statistics},
	pages={112--119},
	year={2005},
	organization={PMLR}
}

@article{comon1994independent,
	title={Independent component analysis, a new concept?},
	author={Comon, Pierre},
	journal={Signal processing},
	volume={36},
	number={3},
	pages={287--314},
	year={1994},
	publisher={Elsevier}
}

@book{daubechies1992ten,
	title={Ten lectures on wavelets},
	author={Daubechies, Ingrid},
	year={1992},
	publisher={SIAM}
}

@article{daudin1980partial,
	title={Partial association measures and an application to qualitative regression},
	author={Daudin, JJ},
	journal={Biometrika},
	volume={67},
	number={3},
	pages={581--590},
	year={1980},
	publisher={Oxford University Press}
}

@article{fukumizu2004dimensionality,
	title={Dimensionality reduction for supervised learning with reproducing kernel Hilbert spaces},
	author={Fukumizu, Kenji and Bach, Francis R and Jordan, Michael I},
	journal={Journal of Machine Learning Research},
	volume={5},
	number={Jan},
	pages={73--99},
	year={2004}
}

@inproceedings{gretton2003kernel,
	title={The kernel mutual information},
	author={Gretton, Arthur and Herbrich, Ralf and Smola, Alexander J},
	booktitle={2003 IEEE International Conference on Acoustics, Speech, and Signal Processing, 2003. Proceedings.(ICASSP'03).},
	volume={4},
	pages={IV--880},
	year={2003},
	organization={IEEE}
}

@inproceedings{he2021daring,
	title={Daring: Differentiable causal discovery with residual independence},
	author={He, Yue and Cui, Peng and Shen, Zheyan and Xu, Renzhe and Liu, Furui and Jiang, Yong},
	booktitle={Proceedings of the 27th ACM SIGKDD Conference on Knowledge Discovery \& Data Mining},
	pages={596--605},
	year={2021}
}

@article{hoeffding1948non,
	title={A non-parametric test of independence},
	author={Hoeffding, Wassily},
	journal={The annals of mathematical statistics},
	pages={546--557},
	year={1948},
	publisher={JSTOR}
}

@incollection{hoeffding1994probability,
	title={Probability inequalities for sums of bounded random variables},
	author={Hoeffding, Wassily},
	booktitle={The collected works of Wassily Hoeffding},
	pages={409--426},
	year={1994},
	publisher={Springer}
}

@inproceedings{HSIC,
	title={Measuring statistical dependence with Hilbert-Schmidt norms},
	author={Gretton, Arthur and Bousquet, Olivier and Smola, Alex and Sch{\"o}lkopf, Bernhard},
	booktitle={International conference on algorithmic learning theory},
	pages={63--77},
	year={2005},
	organization={Springer}
}

@article{KCC,
	title={Kernel independent component analysis},
	author={Bach, Francis R and Jordan, Michael I},
	journal={Journal of machine learning research},
	volume={3},
	number={Jul},
	pages={1--48},
	year={2002}
}

@article{lopez2013randomized,
	title={The randomized dependence coefficient},
	author={Lopez-Paz, David and Hennig, Philipp and Sch{\"o}lkopf, Bernhard},
	journal={Advances in neural information processing systems},
	volume={26},
	year={2013}
}

@book{massart2007concentration,
	title={Concentration inequalities and model selection: Ecole d'Et{\'e} de Probabilit{\'e}s de Saint-Flour XXXIII-2003},
	author={Massart, Pascal},
	year={2007},
	publisher={Springer}
}

@article{muller2001introduction,
	title={An introduction to kernel-based learning algorithms},
	author={Muller, K-R and Mika, Sebastian and Ratsch, Gunnar and Tsuda, Koji and Scholkopf, Bernhard},
	journal={IEEE transactions on neural networks},
	volume={12},
	number={2},
	pages={181--201},
	year={2001},
	publisher={IEEE}
}


@article{ng2020role,
	title={On the role of sparsity and dag constraints for learning linear dags},
	author={Ng, Ignavier and Ghassami, AmirEmad and Zhang, Kun},
	journal={Advances in Neural Information Processing Systems},
	volume={33},
	pages={17943--17954},
	year={2020}
}

@article{pavlov2012wavelet,
	title={Wavelet analysis in neurodynamics},
	author={Pavlov, Aleksei N and Hramov, Aleksandr E and Koronovskii, Aleksei A and Sitnikova, Evgenija Yu and Makarov, Valeri A and Ovchinnikov, Alexey A},
	journal={Physics-Uspekhi},
	volume={55},
	number={9},
	pages={845},
	year={2012},
	publisher={IOP Publishing}
}

@article{PC,
	title={An algorithm for fast recovery of sparse causal graphs},
	author={Spirtes, Peter and Glymour, Clark},
	journal={Social science computer review},
	volume={9},
	number={1},
	pages={62--72},
	year={1991},
	publisher={Sage Publications Sage CA: Thousand Oaks, CA}
}

@article{plackett1983karl,
	title={Karl Pearson and the chi-squared test},
	author={Plackett, Robin L},
	journal={International statistical review/revue internationale de statistique},
	pages={59--72},
	year={1983},
	publisher={JSTOR}
}

@article{qi2020loss,
	title={Loss-sensitive generative adversarial networks on lipschitz densities},
	author={Qi, Guo-Jun},
	journal={International Journal of Computer Vision},
	volume={128},
	number={5},
	pages={1118--1140},
	year={2020},
	publisher={Springer}
}

@article{ramsey2014scalable,
	title={A scalable conditional independence test for nonlinear, non-Gaussian data},
	author={Ramsey, Joseph D},
	journal={arXiv preprint arXiv:1401.5031},
	year={2014}
}

@article{renyi1959measures,
	title={On measures of dependence},
	author={R{\'e}nyi, Alfr{\'e}d},
	journal={Acta mathematica hungarica},
	volume={10},
	number={3-4},
	pages={441--451},
	year={1959},
	publisher={Akad{\'e}miai Kiad{\'o}, co-published with Springer Science+ Business Media BV~â€¦}
}


@article{sachs2005causal,
	title={Causal protein-signaling networks derived from multiparameter single-cell data},
	author={Sachs, Karen and Perez, Omar and Pe'er, Dana and Lauffenburger, Douglas A and Nolan, Garry P},
	journal={Science},
	volume={308},
	number={5721},
	pages={523--529},
	year={2005},
	publisher={American Association for the Advancement of Science}
}

@article{torrence1998practical,
	title={A practical guide to wavelet analysis},
	author={Torrence, Christopher and Compo, Gilbert P},
	journal={Bulletin of the American Meteorological society},
	volume={79},
	number={1},
	pages={61--78},
	year={1998},
	publisher={American Meteorological Society}
}

@inproceedings{unser1997ten,
	title={Ten good reasons for using spline wavelets},
	author={Unser, Michael A},
	booktitle={Wavelet Applications in Signal and Image Processing V},
	volume={3169},
	pages={422--431},
	year={1997},
	organization={International Society for Optics and Photonics}
}

@misc{zhang2011kernel,
	title={Kernel-based conditional independence test and application in causal discovery. 804--813. Corvallis, OR},
	author={Zhang, Kun and Peters, Jonas and Janzing, Dominik and Sch{\"o}lkopf, Bernhard},
	year={2011},
	publisher={USA: AUAI Press}
}

@inproceedings{zhang2021testing,
	title={Testing Independence Between Linear Combinations for Causal Discovery},
	author={Zhang, Hao and Zhang, Kun and Zhou, Shuigeng and Guan, Jihong and Zhang, Ji},
	booktitle={Proceedings of the AAAI Conference on Artificial Intelligence},
	volume={35},
	number={7},
	pages={6538--6546},
	year={2021}
}

@article{zhang2022residual,
	title={Residual Similarity Based Conditional Independence Test and Its Application in Causal Discovery},
	author={Zhang, Hao and Zhang, Kun and Zhou, Shuigeng and Guan, Jihong},
	year={2022}
}

@book{greenwood1996guide,
  title={A guide to chi-squared testing},
  author={Greenwood, Priscilla E and Nikulin, Michael S},
  volume={280},
  year={1996},
  publisher={John Wiley \& Sons}
}

@article{tiku1967tables,
  title={Tables of the power of the F-test},
  author={Tiku, ML},
  journal={Journal of the American Statistical Association},
  volume={62},
  number={318},
  pages={525--539},
  year={1967},
  publisher={Taylor \& Francis}
}

@article{szekely2014partial,
  title={Partial distance correlation with methods for dissimilarities},
  author={Sz{\'e}kely, G{\'a}bor J and Rizzo, Maria L},
  journal={The Annals of Statistics},
  volume={42},
  number={6},
  pages={2382--2412},
  year={2014},
  publisher={Institute of Mathematical Statistics}
}

@article{rizzo2016energy,
  title={Energy distance},
  author={Rizzo, Maria L and Sz{\'e}kely, G{\'a}bor J},
  journal={wiley interdisciplinary reviews: Computational statistics},
  volume={8},
  number={1},
  pages={27--38},
  year={2016},
  publisher={Wiley Online Library}
}

@article{gretton2012kernel,
  title={A kernel two-sample test},
  author={Gretton, Arthur and Borgwardt, Karsten M and Rasch, Malte J and Sch{\"o}lkopf, Bernhard and Smola, Alexander},
  journal={The Journal of Machine Learning Research},
  volume={13},
  number={1},
  pages={723--773},
  year={2012},
  publisher={JMLR. org}
}

@article{su2007consistent,
  title={A consistent characteristic function-based test for conditional independence},
  author={Su, Liangjun and White, Halbert},
  journal={Journal of Econometrics},
  volume={141},
  number={2},
  pages={807--834},
  year={2007},
  publisher={Elsevier}
}

@article{zhang2012kernel,
  title={Kernel-based conditional independence test and application in causal discovery},
  author={Zhang, Kun and Peters, Jonas and Janzing, Dominik and Sch{\"o}lkopf, Bernhard},
  journal={arXiv preprint arXiv:1202.3775},
  year={2012}
}

@inproceedings{doran2014permutation,
  title={A Permutation-Based Kernel Conditional Independence Test.},
  author={Doran, Gary and Muandet, Krikamol and Zhang, Kun and Sch{\"o}lkopf, Bernhard},
  booktitle={UAI},
  pages={132--141},
  year={2014},
  organization={Citeseer}
}

@article{strobl2019approximate,
  title={Approximate kernel-based conditional independence tests for fast non-parametric causal discovery},
  author={Strobl, Eric V and Zhang, Kun and Visweswaran, Shyam},
  journal={Journal of Causal Inference},
  volume={7},
  number={1},
  year={2019},
  publisher={De Gruyter}
}


@article{shah2020hardness,
  title={The hardness of conditional independence testing and the generalised covariance measure},
  author={Shah, Rajen D and Peters, Jonas},
  journal={The Annals of Statistics},
  volume={48},
  number={3},
  pages={1514--1538},
  year={2020},
  publisher={Institute of Mathematical Statistics}
}

@inproceedings{zhang2018measuring,
  title={Measuring conditional independence by independent residuals: Theoretical results and application in causal discovery},
  author={Zhang, Hao and Zhou, Shuigeng and Guan, Jihong},
  booktitle={Proceedings of the AAAI Conference on Artificial Intelligence},
  volume={32},
  number={1},
  year={2018}
}

@article{shi2021double,
  title={Double generative adversarial networks for conditional independence testing},
  author={Shi, Chengchun and Xu, Tianlin and Bergsma, Wicher and Li, Lexin},
  journal={Journal of Machine Learning Research},
  volume={22},
  number={285},
  pages={1--32},
  year={2021}
}

@inproceedings{runge2018conditional,
  title={Conditional independence testing based on a nearest-neighbor estimator of conditional mutual information},
  author={Runge, Jakob},
  booktitle={International Conference on Artificial Intelligence and Statistics},
  pages={938--947},
  year={2018},
  organization={PMLR}
}

@inproceedings{mukherjee2020ccmi,
  title={CCMI: Classifier based conditional mutual information estimation},
  author={Mukherjee, Sudipto and Asnani, Himanshu and Kannan, Sreeram},
  booktitle={Uncertainty in artificial intelligence},
  pages={1083--1093},
  year={2020},
  organization={PMLR}
}

@article{sen2017model,
  title={Model-powered conditional independence test},
  author={Sen, Rajat and Suresh, Ananda Theertha and Shanmugam, Karthikeyan and Dimakis, Alexandros G and Shakkottai, Sanjay},
  journal={Advances in neural information processing systems},
  volume={30},
  year={2017}
}

@book{spirtes2000causation,
  title={Causation, prediction, and search},
  author={Spirtes, Peter and Glymour, Clark N and Scheines, Richard and Heckerman, David},
  year={2000},
  publisher={MIT press}
}

@article{spirtes1991algorithm,
  title={An algorithm for fast recovery of sparse causal graphs},
  author={Spirtes, Peter and Glymour, Clark},
  journal={Social science computer review},
  volume={9},
  number={1},
  pages={62--72},
  year={1991},
  publisher={Sage Publications Sage CA: Thousand Oaks, CA}
}

@article{ajakan2014domain,
  title={Domain-adversarial neural networks},
  author={Ajakan, Hana and Germain, Pascal and Larochelle, Hugo and Laviolette, Fran{\c{c}}ois and Marchand, Mario},
  journal={arXiv preprint arXiv:1412.4446},
  year={2014}
}

@article{arjovsky2019invariant,
  title={Invariant risk minimization},
  author={Arjovsky, Martin and Bottou, L{\'e}on and Gulrajani, Ishaan and Lopez-Paz, David},
  journal={arXiv preprint arXiv:1907.02893},
  year={2019}
}

@inproceedings{li2018learning,
  title={Learning to generalize: Meta-learning for domain generalization},
  author={Li, Da and Yang, Yongxin and Song, Yi-Zhe and Hospedales, Timothy M},
  booktitle={Thirty-Second AAAI Conference on Artificial Intelligence},
  year={2018}
}

@article{albuquerque2019generalizing,
  title={Generalizing to unseen domains via distribution matching},
  author={Albuquerque, Isabela and Monteiro, Jo{\~a}o and Darvishi, Mohammad and Falk, Tiago H and Mitliagkas, Ioannis},
  journal={arXiv preprint arXiv:1911.00804},
  year={2019}
}

@inproceedings{hendrycks2021many,
  title={The many faces of robustness: A critical analysis of out-of-distribution generalization},
  author={Hendrycks, Dan and Basart, Steven and Mu, Norman and Kadavath, Saurav and Wang, Frank and Dorundo, Evan and Desai, Rahul and Zhu, Tyler and Parajuli, Samyak and Guo, Mike and others},
  booktitle={Proceedings of the IEEE/CVF International Conference on Computer Vision},
  pages={8340--8349},
  year={2021}
}

@inproceedings{peng2019moment,
  title={Moment matching for multi-source domain adaptation},
  author={Peng, Xingchao and Bai, Qinxun and Xia, Xide and Huang, Zijun and Saenko, Kate and Wang, Bo},
  booktitle={Proceedings of the IEEE/CVF international conference on computer vision},
  pages={1406--1415},
  year={2019}
}

@article{wang2019learning,
  title={Learning robust global representations by penalizing local predictive power},
  author={Wang, Haohan and Ge, Songwei and Lipton, Zachary and Xing, Eric P},
  journal={Advances in Neural Information Processing Systems},
  volume={32},
  year={2019}
}

@article{mao2022causal,
  title={Causal Transportability for Visual Recognition},
  author={Mao, Chengzhi and Xia, Kevin and Wang, James and Wang, Hao and Yang, Junfeng and Bareinboim, Elias and Vondrick, Carl},
  journal={arXiv preprint arXiv:2204.12363},
  year={2022}
}

@article{pan2022causal,
  title={Causal Inference with Knowledge Distilling and Curriculum Learning for Unbiased VQA},
  author={Pan, Yonghua and Li, Zechao and Zhang, Liyan and Tang, Jinhui},
  journal={ACM Transactions on Multimedia Computing, Communications, and Applications (TOMM)},
  volume={18},
  number={3},
  pages={1--23},
  year={2022},
  publisher={ACM New York, NY}
}

@article{scheirer2012toward,
  title={Toward open set recognition},
  author={Scheirer, Walter J and de Rezende Rocha, Anderson and Sapkota, Archana and Boult, Terrance E},
  journal={IEEE transactions on pattern analysis and machine intelligence},
  volume={35},
  number={7},
  pages={1757--1772},
  year={2012},
  publisher={IEEE}
}

@inproceedings{gunther2017toward,
  title={Toward open-set face recognition},
  author={Gunther, Manuel and Cruz, Steve and Rudd, Ethan M and Boult, Terrance E},
  booktitle={Proceedings of the IEEE Conference on Computer Vision and Pattern Recognition Workshops},
  pages={71--80},
  year={2017}
}

@article{scheirer2014probability,
  title={Probability models for open set recognition},
  author={Scheirer, Walter J and Jain, Lalit P and Boult, Terrance E},
  journal={IEEE transactions on pattern analysis and machine intelligence},
  volume={36},
  number={11},
  pages={2317--2324},
  year={2014},
  publisher={IEEE}
}

@inproceedings{yue2021counterfactual,
  title={Counterfactual zero-shot and open-set visual recognition},
  author={Yue, Zhongqi and Wang, Tan and Sun, Qianru and Hua, Xian-Sheng and Zhang, Hanwang},
  booktitle={Proceedings of the IEEE/CVF Conference on Computer Vision and Pattern Recognition},
  pages={15404--15414},
  year={2021}
}

@inproceedings{lampert2009learning,
  title={Learning to detect unseen object classes by between-class attribute transfer},
  author={Lampert, Christoph H and Nickisch, Hannes and Harmeling, Stefan},
  booktitle={2009 IEEE conference on computer vision and pattern recognition},
  pages={951--958},
  year={2009},
  organization={IEEE}
}

@article{xian2018zero,
  title={Zero-shot learningâ€”a comprehensive evaluation of the good, the bad and the ugly},
  author={Xian, Yongqin and Lampert, Christoph H and Schiele, Bernt and Akata, Zeynep},
  journal={IEEE transactions on pattern analysis and machine intelligence},
  volume={41},
  number={9},
  pages={2251--2265},
  year={2018},
  publisher={IEEE}
}

@article{akata2015label,
  title={Label-embedding for image classification},
  author={Akata, Zeynep and Perronnin, Florent and Harchaoui, Zaid and Schmid, Cordelia},
  journal={IEEE transactions on pattern analysis and machine intelligence},
  volume={38},
  number={7},
  pages={1425--1438},
  year={2015},
  publisher={IEEE}
}

@inproceedings{chen2018zero,
  title={Zero-shot visual recognition using semantics-preserving adversarial embedding networks},
  author={Chen, Long and Zhang, Hanwang and Xiao, Jun and Liu, Wei and Chang, Shih-Fu},
  booktitle={Proceedings of the IEEE conference on computer vision and pattern recognition},
  pages={1043--1052},
  year={2018}
}

@inproceedings{jiang2019transferable,
  title={Transferable contrastive network for generalized zero-shot learning},
  author={Jiang, Huajie and Wang, Ruiping and Shan, Shiguang and Chen, Xilin},
  booktitle={Proceedings of the IEEE/CVF International Conference on Computer Vision},
  pages={9765--9774},
  year={2019}
}

@inproceedings{li2019leveraging,
  title={Leveraging the invariant side of generative zero-shot learning},
  author={Li, Jingjing and Jing, Mengmeng and Lu, Ke and Ding, Zhengming and Zhu, Lei and Huang, Zi},
  booktitle={Proceedings of the IEEE/CVF Conference on Computer Vision and Pattern Recognition},
  pages={7402--7411},
  year={2019}
}

@inproceedings{narayan2020latent,
  title={Latent embedding feedback and discriminative features for zero-shot classification},
  author={Narayan, Sanath and Gupta, Akshita and Khan, Fahad Shahbaz and Snoek, Cees GM and Shao, Ling},
  booktitle={European Conference on Computer Vision},
  pages={479--495},
  year={2020},
  organization={Springer}
}

@inproceedings{pambala2020generative,
  title={Generative model with semantic embedding and integrated classifier for generalized zero-shot learning},
  author={Pambala, Ayyappa and Dutta, Titir and Biswas, Soma},
  booktitle={Proceedings of the IEEE/CVF Winter Conference on Applications of Computer Vision},
  pages={1237--1246},
  year={2020}
}

@article{yue2020interventional,
  title={Interventional few-shot learning},
  author={Yue, Zhongqi and Zhang, Hanwang and Sun, Qianru and Hua, Xian-Sheng},
  journal={Advances in neural information processing systems},
  volume={33},
  pages={2734--2746},
  year={2020}
}

@article{atzmon2020causal,
  title={A causal view of compositional zero-shot recognition},
  author={Atzmon, Yuval and Kreuk, Felix and Shalit, Uri and Chechik, Gal},
  journal={Advances in Neural Information Processing Systems},
  volume={33},
  pages={1462--1473},
  year={2020}
}






























@inproceedings{schnabel2016recommendations,
  title={Recommendations as treatments: Debiasing learning and evaluation},
  author={Schnabel, Tobias and Swaminathan, Adith and Singh, Ashudeep and Chandak, Navin and Joachims, Thorsten},
  booktitle={international conference on machine learning},
  pages={1670--1679},
  year={2016},
  organization={PMLR}
}

@inproceedings{sun2019debiasing,
  title={Debiasing the human-recommender system feedback loop in collaborative filtering},
  author={Sun, Wenlong and Khenissi, Sami and Nasraoui, Olfa and Shafto, Patrick},
  booktitle={Companion Proceedings of The 2019 World Wide Web Conference},
  pages={645--651},
  year={2019}
}

@inproceedings{bonner2018causal,
  title={Causal embeddings for recommendation},
  author={Bonner, Stephen and Vasile, Flavian},
  booktitle={Proceedings of the 12th ACM conference on recommender systems},
  pages={104--112},
  year={2018}
}

@inproceedings{wei2021model,
  title={Model-agnostic counterfactual reasoning for eliminating popularity bias in recommender system},
  author={Wei, Tianxin and Feng, Fuli and Chen, Jiawei and Wu, Ziwei and Yi, Jinfeng and He, Xiangnan},
  booktitle={Proceedings of the 27th ACM SIGKDD Conference on Knowledge Discovery \& Data Mining},
  pages={1791--1800},
  year={2021}
}

@inproceedings{zhou2021contrastive,
  title={Contrastive learning for debiased candidate generation in large-scale recommender systems},
  author={Zhou, Chang and Ma, Jianxin and Zhang, Jianwei and Zhou, Jingren and Yang, Hongxia},
  booktitle={Proceedings of the 27th ACM SIGKDD Conference on Knowledge Discovery \& Data Mining},
  pages={3985--3995},
  year={2021}
}

@inproceedings{wang2021deconfounded,
  title={Deconfounded recommendation for alleviating bias amplification},
  author={Wang, Wenjie and Feng, Fuli and He, Xiangnan and Wang, Xiang and Chua, Tat-Seng},
  booktitle={Proceedings of the 27th ACM SIGKDD Conference on Knowledge Discovery \& Data Mining},
  pages={1717--1725},
  year={2021}
}

@inproceedings{zheng2021disentangling,
  title={Disentangling user interest and conformity for recommendation with causal embedding},
  author={Zheng, Yu and Gao, Chen and Li, Xiang and He, Xiangnan and Li, Yong and Jin, Depeng},
  booktitle={Proceedings of the Web Conference 2021},
  pages={2980--2991},
  year={2021}
}

@inproceedings{tan2021counterfactual,
  title={Counterfactual explainable recommendation},
  author={Tan, Juntao and Xu, Shuyuan and Ge, Yingqiang and Li, Yunqi and Chen, Xu and Zhang, Yongfeng},
  booktitle={Proceedings of the 30th ACM International Conference on Information \& Knowledge Management},
  pages={1784--1793},
  year={2021}
}

@inproceedings{zhang2021causal,
  title={Causal intervention for leveraging popularity bias in recommendation},
  author={Zhang, Yang and Feng, Fuli and He, Xiangnan and Wei, Tianxin and Song, Chonggang and Ling, Guohui and Zhang, Yongdong},
  booktitle={Proceedings of the 44th International ACM SIGIR Conference on Research and Development in Information Retrieval},
  pages={11--20},
  year={2021}
}

@inproceedings{ovaisi2020correcting,
  title={Correcting for selection bias in learning-to-rank systems},
  author={Ovaisi, Zohreh and Ahsan, Ragib and Zhang, Yifan and Vasilaky, Kathryn and Zheleva, Elena},
  booktitle={Proceedings of The Web Conference 2020},
  pages={1863--1873},
  year={2020}
}